<?xml version="1.0" encoding="UTF-8"?><collection xmlns="http://www.loc.gov/MARC21/slim"><record><leader>00610nam--2200205-i-4500</leader><controlfield tag="001">000014531</controlfield><controlfield tag="002">20161230</controlfield><controlfield tag="005">20170108234958</controlfield><controlfield tag="008">060222s1000------------r-----000-0-eng-d</controlfield><datafield ind1=" " ind2=" " tag="040"><subfield code="a">IFIN-HH</subfield></datafield><datafield ind1=" " ind2=" " tag="080"><subfield code="a">535:681.7(082.1)</subfield></datafield><datafield ind1="1" ind2=" " tag="100"><subfield code="a">Shannon, Robert R</subfield></datafield><datafield ind1="1" ind2="0" tag="245"><subfield code="a">Applied optics and optical enegineering</subfield><subfield code="b">A comprehensive treatise</subfield><subfield code="c">Robert R.Shannon, James C. Wyant (Eds.)</subfield></datafield><datafield ind1=" " ind2=" " tag="260"><subfield code="a">London</subfield><subfield code="b">Academic Press</subfield></datafield><datafield ind1=" " ind2=" " tag="300"><subfield code="a">3 Volume</subfield></datafield><datafield ind1=" " ind2=" " tag="490"><subfield code="a">Applied Optics And Optical Engineering</subfield></datafield><datafield ind1="1" ind2=" " tag="700"><subfield code="a">Wyant, James C</subfield></datafield><datafield ind1=" " ind2=" " tag="787"><subfield code="a">Volume IX</subfield><subfield code="d">1983</subfield></datafield><datafield ind1=" " ind2=" " tag="852"><subfield code="a">23345</subfield><subfield code="c">535</subfield></datafield><datafield ind1=" " ind2=" " tag="CAT"><subfield code="a">SYS</subfield><subfield code="c">20170108</subfield><subfield code="h">234958</subfield></datafield></record></collection>